<?xml version="1.0" encoding="UTF-8"?>
<record xmlns="http://www.loc.gov/MARC21/slim">
  <leader>01700nam a2200265Ia 4500</leader>
  <controlfield tag="001">3599209</controlfield>
  <controlfield tag="005">20101109153300.0</controlfield>
  <controlfield tag="008">791212s1838    nyu           000 0 eng  </controlfield>
  <datafield tag="010" ind1=" " ind2=" ">
    <subfield code="a">   01010165 </subfield>
  </datafield>
  <datafield tag="019" ind1=" " ind2=" ">
    <subfield code="a">30466536</subfield>
  </datafield>
  <datafield tag="035" ind1=" " ind2=" ">
    <subfield code="a">(OCoLC)5787751</subfield>
    <subfield code="z">(OCoLC)30466536</subfield>
  </datafield>
  <datafield tag="035" ind1=" " ind2=" ">
    <subfield code="a">ocm05787751</subfield>
  </datafield>
  <datafield tag="040" ind1=" " ind2=" ">
    <subfield code="a">DLC</subfield>
    <subfield code="c">TXT</subfield>
    <subfield code="d">OCL</subfield>
    <subfield code="d">NDD</subfield>
    <subfield code="d">OCLCQ</subfield>
  </datafield>
  <datafield tag="043" ind1=" " ind2=" ">
    <subfield code="a">n-us---</subfield>
  </datafield>
  <datafield tag="049" ind1=" " ind2=" ">
    <subfield code="a">BRLL</subfield>
  </datafield>
  <datafield tag="050" ind1=" " ind2="4">
    <subfield code="a">E449</subfield>
    <subfield code="b">.A513</subfield>
  </datafield>
  <datafield tag="092" ind1=" " ind2=" ">
    <subfield code="a">326.6</subfield>
    <subfield code="b">Z99, v. 1, no. 5</subfield>
  </datafield>
  <datafield tag="099" ind1=" " ind2=" ">
    <subfield code="a">Res.7589a.54 no. 2</subfield>
  </datafield>
  <datafield tag="110" ind1="2" ind2=" ">
    <subfield code="a">American Anti-Slavery Society.</subfield>
  </datafield>
  <datafield tag="245" ind1="1" ind2="4">
    <subfield code="a">The constitution of the American Anti-slavery Society :</subfield>
    <subfield code="b">with the declaration of the National Anti-Slavery Convention at Philadelphia, December, 1833, and the address to the public /</subfield>
    <subfield code="c">Issued by the executive committee of the society, in September, 1835.</subfield>
  </datafield>
  <datafield tag="260" ind1=" " ind2=" ">
    <subfield code="a">New York,</subfield>
    <subfield code="b">American Anti-Slavery Society,</subfield>
    <subfield code="c">1838.</subfield>
  </datafield>
  <datafield tag="300" ind1=" " ind2=" ">
    <subfield code="a">12 p. ;</subfield>
    <subfield code="c">18 cm.</subfield>
  </datafield>
  <datafield tag="590" ind1=" " ind2=" ">
    <subfield code="a">Bound volume includes: 1. Address to the friends of liberty -- 2. The constitution of the American Anti-Slavery Society -- 3. Constitution of the Baptist Anti-slavery Society, Providence -- 4. British and Foreign AntiSlavery Society -- 5. A vindication of female anti-slavery associations -- 6. Constitution of the ... Anti-Slavery Society -- 7. Work for abolitionists!! -- 8. Constitution of the New-England Anti-Slavery Society -- 9. An apology for abolitionists -- 10. The constitution of the Pennsylvania Society, for Promoting the Abolition of Slavery and the relief of free Negroes (1787) -- 11. The constitution of the Pennsylvania Society, for Promoting the Abolition of Slavery, and the relief of Free Negroes (1788).</subfield>
  </datafield>
  <datafield tag="650" ind1=" " ind2="0">
    <subfield code="a">Slavery</subfield>
    <subfield code="z">United States</subfield>
    <subfield code="x">Societies, etc.</subfield>
    <subfield code="x">Constitution.</subfield>
  </datafield>
  <datafield tag="994" ind1=" " ind2=" ">
    <subfield code="a">C0</subfield>
    <subfield code="b">BRL</subfield>
  </datafield>
</record>
